%% Created using Papers on Sun, 29 Oct 2017.
%% http://papersapp.com/papers/

@article{Noveroske:y4fi3188,
author = {Noveroske, Douglas Brian},
title = {{Respiratory Syncytial Virus In Connecticut: Predictors Of Seasonal Epidemic Timing}},
journal = {Public Health Theses},
year = {2016}
}

@article{AmericanAcademyofPediatricsCommitteeonInfectiousDiseasesandCommitteeonFetusandNewborn:2003ug,
author = {{American Academy of Pediatrics Committee on Infectious Diseases and Committee on Fetus and Newborn}},
title = {{Revised indications for the use of palivizumab and respiratory syncytial virus immune globulin intravenous for the prevention of respiratory syncytial virus infections.}},
journal = {Pediatrics},
year = {2003},
volume = {112},
number = {6 Pt 1},
pages = {1442--1446},
month = dec
}

@article{AmericanAcademyofPediatricsCommitteeonInfectiousDiseases:2014bj,
author = {{American Academy of Pediatrics Committee on Infectious Diseases} and {American Academy of Pediatrics Bronchiolitis Guidelines Committee}},
title = {{Updated guidance for palivizumab prophylaxis among infants and young children at increased risk of hospitalization for respiratory syncytial virus infection.}},
journal = {Pediatrics},
year = {2014},
volume = {134},
number = {2},
pages = {e620--38},
month = aug
}

@webpage{CentersforDiseaseControlandPrevention:368RENtm,
author = {{Centers for Disease Control and Prevention}},
title = {{Respiratory Syncytial Virus Infection (RSV): For Healthcare Professionals}},
url = {https://www.cdc.gov/rsv/clinical/index.html}
}

